@inproceedings{madhyastha2006iplane,
  title={iPlane: An information plane for distributed services},
  author={Madhyastha, Harsha V and Isdal, Tomas and Piatek, Michael and Dixon, Colin and Anderson, Thomas and Krishnamurthy, Arvind and Venkataramani, Arun},
  booktitle={Proceedings of the 7th symposium on Operating systems design and implementation},
  pages={367--380},
  year={2006},
  organization={USENIX Association}
}

@article{chun2003planetlab,
  title={Planetlab: an overlay testbed for broad-coverage services},
  author={Chun, Brent and Culler, David and Roscoe, Timothy and Bavier, Andy and Peterson, Larry and Wawrzoniak, Mike and Bowman, Mic},
  journal={ACM SIGCOMM Computer Communication Review},
  volume={33},
  number={3},
  pages={3--12},
  year={2003},
  publisher={ACM}
}

@inproceedings{ager2012anatomy,
  title={Anatomy of a large European IXP},
  author={Ager, Bernhard and Chatzis, Nikolaos and Feldmann, Anja and Sarrar, Nadi and Uhlig, Steve and Willinger, Walter},
  booktitle={Proceedings of the ACM SIGCOMM 2012 conference on Applications, technologies, architectures, and protocols for computer communication},
  pages={163--174},
  year={2012},
  organization={ACM}
}

@misc{fb_users,
	author = {Sedghi, Ami},
	title = {Facebook: 10 years of social networking, in numbers},
	howpublished = "\url{http://www.theguardian.com/news/datablog/2014/feb/04/facebook-in-numbers-statistics}",
	year = {2014}
}

@misc{mysql,
	title = {My{SQL}},
	howpublished = "\url{http://www.mysql.com/}"
}

@misc{neo4j,
	title = {Neo4j},
	howpublished = "\url{http://neo4j.com/}"
}

@article{edwards2012internet,
  title={Internet topology over time},
  author={Edwards, Benjamin and Hofmeyr, Steven and Stelle, George and Forrest, Stephanie},
  journal={arXiv preprint arXiv:1202.3993},
  year={2012}
}

@article{zegura1997quantitative,
  title={A quantitative comparison of graph-based models for Internet topology},
  author={Zegura, Ellen W and Calvert, Kenneth L and Donahoo, Michael J},
  journal={IEEE/ACM Transactions on Networking (TON)},
  volume={5},
  number={6},
  pages={770--783},
  year={1997},
  publisher={IEEE Press}
}

@misc{routeview,
  title = {{R}oute{V}iews {P}roject},
  howpublished = "\url{http://www.routeviews.org/}"
}

@article{cidr,
  title={Inet: Internet topology generator},
  author={Jin, Cheng and Chen, Qian and Jamin, Sugih},
  year={2000},
  publisher={Citeseer}
}

@misc{cidr-website,
  title={{CIDR} Report website},
  author={Jin, Cheng and Chen, Qian and Jamin, Sugih},
  howpublished = "http://bgp.potaroo.net/cidr/autnums.html"
}

@book{van2014learning,
  title={Learning Neo4j},
  author={Van Bruggen, Rik},
  year={2014},
  publisher={Packt Publishing Ltd}
}

@article{jindal2014vertexica,
  title={Vertexica: your relational friend for graph analytics!},
  author={Jindal, Alekh and Rawlani, Praynaa and Wu, Eugene and Madden, Samuel and Deshpande, Amol and Stonebraker, Mike},
  journal={Proceedings of the VLDB Endowment},
  volume={7},
  number={13},
  pages={1669--1672},
  year={2014},
  publisher={VLDB Endowment}
}

@misc{flockdb,
  title={Introducing {F}lock{DB}},
  author={Robey (idle)},
  howpublished="\url{https://blog.twitter.com/2010/introducing-flockdb}"
}

@article{low2012distributed,
  title={Distributed GraphLab: a framework for machine learning and data mining in the cloud},
  author={Low, Yucheng and Bickson, Danny and Gonzalez, Joseph and Guestrin, Carlos and Kyrola, Aapo and Hellerstein, Joseph M},
  journal={Proceedings of the VLDB Endowment},
  volume={5},
  number={8},
  pages={716--727},
  year={2012},
  publisher={VLDB Endowment}
}

@inproceedings{wang2013asynchronous,
  title={Asynchronous Large-Scale Graph Processing Made Easy.},
  author={Wang, Guozhang and Xie, Wenlei and Demers, Alan J and Gehrke, Johannes},
  booktitle={CIDR},
  year={2013}
}

@inproceedings{malewicz2010pregel,
  title={Pregel: a system for large-scale graph processing},
  author={Malewicz, Grzegorz and Austern, Matthew H and Bik, Aart JC and Dehnert, James C and Horn, Ilan and Leiser, Naty and Czajkowski, Grzegorz},
  booktitle={Proceedings of the 2010 ACM SIGMOD International Conference on Management of data},
  pages={135--146},
  year={2010},
  organization={ACM}
}

@article{dean2008mapreduce,
  title={MapReduce: simplified data processing on large clusters},
  author={Dean, Jeffrey and Ghemawat, Sanjay},
  journal={Communications of the ACM},
  volume={51},
  number={1},
  pages={107--113},
  year={2008},
  publisher={ACM}
}

@inproceedings{zaharia2012resilient,
  title={Resilient distributed datasets: A fault-tolerant abstraction for in-memory cluster computing},
  author={Zaharia, Matei and Chowdhury, Mosharaf and Das, Tathagata and Dave, Ankur and Ma, Justin and McCauley, Murphy and Franklin, Michael J and Shenker, Scott and Stoica, Ion},
  booktitle={Proceedings of the 9th USENIX conference on Networked Systems Design and Implementation},
  pages={2--2},
  year={2012},
  organization={USENIX Association}
}

@misc{orientdb,
  title={OrientDB},
  howpublished="\url{http://www.orientechnologies.com/}"
}

@inproceedings{vicknair2010comparison,
  title={A comparison of a graph database and a relational database: a data provenance perspective},
  author={Vicknair, Chad and Macias, Michael and Zhao, Zhendong and Nan, Xiaofei and Chen, Yixin and Wilkins, Dawn},
  booktitle={Proceedings of the 48th annual Southeast regional conference},
  pages={42},
  year={2010},
  organization={ACM}
}
