@inproceedings{madhyastha2006iplane,
  title={iPlane: An information plane for distributed services},
  author={Madhyastha, Harsha V and Isdal, Tomas and Piatek, Michael and Dixon, Colin and Anderson, Thomas and Krishnamurthy, Arvind and Venkataramani, Arun},
  booktitle={Proceedings of the 7th symposium on Operating systems design and implementation},
  pages={367--380},
  year={2006},
  organization={USENIX Association}
}

@article{chun2003planetlab,
  title={Planetlab: an overlay testbed for broad-coverage services},
  author={Chun, Brent and Culler, David and Roscoe, Timothy and Bavier, Andy and Peterson, Larry and Wawrzoniak, Mike and Bowman, Mic},
  journal={ACM SIGCOMM Computer Communication Review},
  volume={33},
  number={3},
  pages={3--12},
  year={2003},
  publisher={ACM}
}

@inproceedings{ager2012anatomy,
  title={Anatomy of a large European IXP},
  author={Ager, Bernhard and Chatzis, Nikolaos and Feldmann, Anja and Sarrar, Nadi and Uhlig, Steve and Willinger, Walter},
  booktitle={Proceedings of the ACM SIGCOMM 2012 conference on Applications, technologies, architectures, and protocols for computer communication},
  pages={163--174},
  year={2012},
  organization={ACM}
}

@misc{fb_users,
	author = {Sedghi, Ami},
	title = {Facebook: 10 years of social networking, in numbers},
	howpublished = "\url{http://www.theguardian.com/news/datablog/2014/feb/04/facebook-in-numbers-statistics}",
	year = {2014}
}

@misc{mysql,
	title = {MySQL},
	howpublished = "\url{http://www.mysql.com/}"
}

@misc{neo4j,
	title = {Neo4j},
	howpublished = "\url{http://neo4j.com/}"
}